@misc{brianothello2005,
  title  = {Othello and \textit{A Minute to Learn...A Lifetime to Master}},
  author = {Brian Rose},
  year   = {2005}
}

@techreport{buro1995othello,
  author       = {Michael Buro},
  title        = {An Evaluation Function for Othello Based on Statistics},
  institution  = {NEC Research Institute},
  address      = {Princeton, NJ},
  type         = {Technical Report},
  year         = {1995}
}

@article{jaskowski2014ntuple,
  author  = {Wojciech Ja{\'s}kowski},
  title   = {Systematic N-tuple Networks for Position Evaluation: Exceeding 90\% in the Othello League},
  journal = {arXiv preprint arXiv:1406.1509},
  year    = {2014}
}

@article{alpha_beta_complexity,
  author  = {Judea Pearl},
  title   = {The Solution for the Branching Factor of the Alpha-Beta Pruning Algorithm and its Optimality},
  journal = {Communications of the ACM},
  volume  = {25},
  number  = {8},
  pages   = {559--564},
  year    = {1982}
}

@techreport{othello-heuristics-analysis,
  title        = {An Analysis of Heuristics in Othello},
  author       = {Vaishnavi Sannidhanam and Muthukaruppan Annamalai},
  institution  = {Department of Computer Science and Engineering, Paul G. Allen Center, University of Washington},
  address      = {Seattle, WA},
  year         = {2017},
  note         = {\url{https://es.scribd.com/document/353439817/An-Analysis-of-Heuristics-in-Othello}}
}

@article{cohen2020learning,
  author  = {Quentin Cohen-Solal},
  title   = {Learning to Play Two-Player Perfect-Information Games without Knowledge},
  journal = {arXiv preprint arXiv:2008.01188},
  year    = {2020},
  doi     = {10.48550/arXiv.2008.01188},
  url     = {https://arxiv.org/abs/2008.01188},
  note    = {Version 5, last revised 7 May 2025}
}

@misc{othello-wikipedia,
  title={Reversi (Othello)},
  author={},
  year={2023},
  howpublished={Wikipedia},
  url={https://en.wikipedia.org/wiki/Reversi}
}


@article{othello-game-theory,
  title={Othello Game Application Design Using Heuristic Techniques},
  author={},
  journal={Mandiri Journal},
  year={2019},
  url={https://ejournal.isha.or.id/index.php/Mandiri/article/view/164}
}